<record><leader>00000cas a22000007a 4500</leader><controlfield tag="001">12441383</controlfield><controlfield tag="008">850830d183u1838pausr ne      0    0ger d</controlfield><datafield ind1=" " ind2=" " tag="010"><subfield code="a">sn 85054808 </subfield></datafield><datafield ind1=" " ind2=" " tag="040"><subfield code="a">NPH</subfield><subfield code="b">eng</subfield><subfield code="c">NPH</subfield><subfield code="d">NPX</subfield><subfield code="d">OCLCQ</subfield></datafield><datafield ind1=" " ind2=" " tag="042"><subfield code="a">msc</subfield></datafield><datafield ind1="0" ind2="4" tag="245"><subfield code="a">Die Christliche Zeitschrift der Hochdeutschen Reformirten Kirche.</subfield></datafield><datafield ind1=" " ind2=" " tag="260"><subfield code="a">Gettysburg [Pa.] :</subfield><subfield code="b">S. Gutelius,</subfield><subfield code="c">-1838.</subfield></datafield><datafield ind1=" " ind2=" " tag="300"><subfield code="a">v. ;</subfield><subfield code="c">49 cm.</subfield></datafield><datafield ind1=" " ind2=" " tag="310"><subfield code="a">Semimonthly</subfield></datafield><datafield ind1="0" ind2=" " tag="362"><subfield code="a">-3. Jahrg., no. 1 (Sept. 22, 1838).</subfield></datafield><datafield ind1=" " ind2=" " tag="588"><subfield code="a">Description based on: 3. Jahrg., no. 1 (Sept. 22, 1838).</subfield></datafield><datafield ind1="2" ind2=" " tag="710"><subfield code="a">Reformed Church in the United States (Pa.)</subfield></datafield><datafield ind1=" " ind2=" " tag="752"><subfield code="a">United States</subfield><subfield code="b">Pennsylvania</subfield><subfield code="c">Adams</subfield><subfield code="d">Gettysburg.</subfield></datafield><datafield ind1="0" ind2="0" tag="785"><subfield code="t">Christliche Zeitschrift</subfield><subfield code="w">(DLC)sn 85054810</subfield></datafield><datafield ind1="1" ind2=" " tag="029"><subfield code="a">AU@</subfield><subfield code="b">000023563387</subfield></datafield></record>